@InProceedings{Knuth,
	author = {Donald E Knuth},
	title = {On the translation of languages from left to right},
	booktitle = {Information and Control 8, (6):607–639},
	year = {1965}
}

@InProceedings{DeRemer01,
	author = {Frank L DeRemer and Thomas J. Pennello},
	title = {Efficient computation of LALR(1) look-ahead sets},
	booktitle = {ACM
	Trans. Progam. Lang. Syst., 4(4):615–649, October 1982},
	year = {1982}
}

@PhdThesis{DeRemer02,
	author = {Franklin L DeRemer},
	title = {Practical translators for LR(k) languages},
	school = {Massachussetts Institute
	of Technology},
	year = {1969}
}

@InProceedings{Earley,
	author = {J Earley},
	title = {An efficient context-free parsing algorithm},
	booktitle = {Communications of the ACM, 13(2):94–102},
	year = {February 1970}
}

@TechReport{Java01,
	author = {James Gosling, Bill Joy, and Guy Steele},
	title = {The Java Language Specification},
	institution = {Addison-Wesley},
	year = {1996}
}

@TechReport{Java02,
	author = {James Gosling, Bill Joy, Guy Steele, and Gilad Bracha},
	title = {The Java Language Specification Third Edition},
	institution = {Addison-Wesley},
	year = {2005}
}

@Book{Tomita,
	author = {Masaru Tomita},
	title = {Efficient parsing for natural language},
	publisher = {Kluwer Academic Publishers},
	year = {Boston, 1986}
}

@InProceedings{Younger,
	author = {D H Younger},
	title = {Recognition of context-free languages in time n3},
	booktitle = {Inform. Control, 10(2):189–208},
	year = {February 1967}
}

@PhdThesis{Scott,
	author = {Elizabeth Scott},
	title = {SPPF-Style Parsing From Earley Recognisers},
	school = {University of London},
	year = {2008}
}

@Book{Hopcroft,
	author = {John E Hopcroft and Jeffrey D. Ullman},
	title = {Introduction to Automata Theory, Languages, and
	Computation},
	publisher = {Series in Computer Science. Addison-Wesley},
	year = {1979}
}

@Book{Graham,
	author = {Susan L. Graham and Michael A. Harrison},
	title = {Parsing of general context-free languages. Advances in
	Computing},
	publisher = {14:77–185},
	year = {1976}
}

@TechReport{Johnson,
	author = {E.A. Scott, A.I.C. Johnstone, and G.R. Economopoulos.},
	title = {BRN-table based GLR parsers},
	institution = {Computer Science Department, Royal Holloway, University of London},
	year = {2003},
}

